@ABNT-options{minhasopcoes,
 abnt-emphasize="\textit",
 abnt-etal-text="\emph{et al.}",
 abnt-full-initials="no",
 abnt-show-options="warn",
 abnt-etal-list=0,
 abnt-etal-cite=2,
 abnt-thesis-year="final"}
